<?xml version="1.0" encoding="UTF-8"?><collection xmlns="http://www.loc.gov/MARC21/slim"><record><leader>00660nam--2200193-i-4500</leader><controlfield tag="001">000043711</controlfield><controlfield tag="002">20161230</controlfield><controlfield tag="005">20170105143656</controlfield><controlfield tag="008">060222s1000------------r-----000-0-eng-d</controlfield><datafield ind1=" " ind2=" " tag="020"><subfield code="a">981023774X</subfield></datafield><datafield ind1=" " ind2=" " tag="040"><subfield code="a">IFIN-HH</subfield></datafield><datafield ind1=" " ind2=" " tag="080"><subfield code="a">539.14(061.3)</subfield></datafield><datafield ind1="1" ind2=" " tag="100"><subfield code="a">Raduta, Apolodor Aristotel</subfield></datafield><datafield ind1="1" ind2="0" tag="245"><subfield code="a">Structure and stability of nucleon and nuclear systems</subfield><subfield code="b">Proccedings of the Predeal International Summer School, Predeal, Romania, 24 August - 5 September 1998</subfield><subfield code="c">A.A. Raduta; S. Stoica; I.I. Ursu (Eds.)</subfield></datafield><datafield ind1=" " ind2=" " tag="260"><subfield code="a">Singapore</subfield><subfield code="b">World Scientific</subfield><subfield code="c">1999</subfield></datafield><datafield ind1=" " ind2=" " tag="300"><subfield code="a">578 p</subfield></datafield><datafield ind1="1" ind2=" " tag="700"><subfield code="a">Ursu, I.I</subfield><subfield code="e">Ed</subfield></datafield><datafield ind1=" " ind2=" " tag="852"><subfield code="a">81129</subfield><subfield code="c">539.14</subfield></datafield><datafield ind1=" " ind2=" " tag="CAT"><subfield code="a">SYS</subfield><subfield code="c">20170105</subfield><subfield code="h">143656</subfield></datafield></record></collection>